@book{Funao2016-10-12,
  title={The {R} Tips 第3版 データ解析環境{R}の基本技・グラフィックス活用集},
  author={舟尾暢男},
  publisher={オーム社},
  year={2016},
  month={10},
  day={12},
  date={2016-10-12},
  pages={440},
  asin={B0719QS6KG},
  url={https://www.amazon.co.jp/dp/B0719QS6KG/},
  timestamp={2023-12-13},
}

@book{門田幸二2022-10-25,
title={バイオインフォマティクス: web連携テキスト基礎から応用},
author={門田幸二},
publisher={培風館},
year={2022},
month={10},
day={25},
date={2022-10-25},
pages={228},
isbn={978-4563078324},
isbn10={4563078328},
url={https://www.amazon.co.jp/dp/4563078328/},
timestamp={2023-12-13},
}

@Article{tidyverse_bib,
  title = {Welcome to the {tidyverse}},
  author = {Hadley Wickham and Mara Averick and Jennifer Bryan and Winston Chang and Lucy D'Agostino McGowan and Romain François and Garrett Grolemund and Alex Hayes and Lionel Henry and Jim Hester and Max Kuhn and Thomas Lin Pedersen and Evan Miller and Stephan Milton Bache and Kirill Müller and Jeroen Ooms and David Robinson and Dana Paige Seidel and Vitalie Spinu and Kohske Takahashi and Davis Vaughan and Claus Wilke and Kara Woo and Hiroaki Yutani},
  year = {2019},
  journal = {Journal of Open Source Software},
  volume = {4},
  number = {43},
  pages = {1686},
  doi = {10.21105/joss.01686},
}

@Manual{devtools_bib,
  title = {devtools: Tools to Make Developing R Packages Easier},
  author = {Hadley Wickham and Jim Hester and Winston Chang and Jennifer Bryan},
  year = {2022},
  note = {R package version 2.4.5},
  url = {https://CRAN.R-project.org/package=devtools},
}

@Manual{BiocManager_bib,
  title = {BiocManager: Access the Bioconductor Project Package Repository},
  author = {Martin Morgan and Marcel Ramos},
  year = {2023},
  note = {R package version 1.30.22},
  url = {https://CRAN.R-project.org/package=BiocManager},
}

@Manual{pacman_bib,
  title = {{pacman}: {P}ackage Management for {R}},
  author = {Tyler W. Rinker and Dason Kurkiewicz},
  address = {Buffalo, New York},
  note = {version 0.5.0},
  year = {2018},
  url = {http://github.com/trinker/pacman},
}

@Manual{forcats_bib,
  title = {forcats: Tools for Working with Categorical Variables (Factors)},
  author = {Hadley Wickham},
  year = {2023},
  note = {R package version 1.0.0},
  url = {https://CRAN.R-project.org/package=forcats},
}

@Manual{dplyr_bib,
  title = {dplyr: A Grammar of Data Manipulation},
  author = {Hadley Wickham and Romain François and Lionel Henry and Kirill Müller and Davis Vaughan},
  year = {2023},
  note = {R package version 1.1.4},
  url = {https://CRAN.R-project.org/package=dplyr},
}

@Manual{tidyr_bib,
  title = {tidyr: Tidy Messy Data},
  author = {Hadley Wickham and Davis Vaughan and Maximilian Girlich},
  year = {2023},
  note = {R package version 1.3.0},
  url = {https://CRAN.R-project.org/package=tidyr},
}

@Manual{xlsx_bib,
  title = {xlsx: Read, Write, Format Excel 2007 and Excel 97/2000/XP/2003 Files},
  author = {Adrian Dragulescu and Cole Arendt},
  year = {2020},
  note = {R package version 0.6.5},
  url = {https://CRAN.R-project.org/package=xlsx},
}

@Manual{readr_bib,
  title = {readr: Read Rectangular Text Data},
  author = {Hadley Wickham and Jim Hester and Jennifer Bryan},
  year = {2023},
  note = {R package version 2.1.4},
  url = {https://CRAN.R-project.org/package=readr},
}

@Manual{purrr_bib,
  title = {purrr: Functional Programming Tools},
  author = {Hadley Wickham and Lionel Henry},
  year = {2023},
  note = {R package version 1.0.2},
  url = {https://CRAN.R-project.org/package=purrr},
}

@Manual{readxl_bib,
  title = {readxl: Read Excel Files},
  author = {Hadley Wickham and Jennifer Bryan},
  year = {2023},
  note = {R package version 1.4.3},
  url = {https://CRAN.R-project.org/package=readxl},
}

@Manual{googlesheets4_bib,
  title = {googlesheets4: Access Google Sheets using the Sheets API V4},
  author = {Jennifer Bryan},
  year = {2023},
  note = {R package version 1.1.1},
  url = {https://CRAN.R-project.org/package=googlesheets4},
}

@Manual{haven_bib,
  title = {haven: Import and Export 'SPSS', 'Stata' and 'SAS' Files},
  author = {Hadley Wickham and Evan Miller and Danny Smith},
  year = {2023},
  note = {R package version 2.5.4},
  url = {https://CRAN.R-project.org/package=haven},
}

@Article{jsonlite_bib,
  title = {The jsonlite Package: A Practical and Consistent Mapping Between JSON Data and R Objects},
  author = {Jeroen Ooms},
  journal = {arXiv:1403.2805 [stat.CO]},
  year = {2014},
  url = {https://arxiv.org/abs/1403.2805},
}

@Manual{httr2_bib,
  title = {httr2: Perform HTTP Requests and Process the Responses},
  author = {Hadley Wickham},
  year = {2023},
  note = {R package version 1.0.0},
  url = {https://CRAN.R-project.org/package=httr2},
}

@Manual{rvest_bib,
  title = {rvest: Easily Harvest (Scrape) Web Pages},
  author = {Hadley Wickham},
  year = {2022},
  note = {R package version 1.0.3},
  url = {https://CRAN.R-project.org/package=rvest},
}

@Manual{DBI_bib,
  title = {DBI: R Database Interface},
  author = {{R Special Interest Group on Databases (R-SIG-DB)} and Hadley Wickham and Kirill Müller},
  year = {2022},
  note = {R package version 1.1.3},
  url = {https://CRAN.R-project.org/package=DBI},
}

@Manual{datatable_bib,
  title = {data.table: Extension of `data.frame`},
  author = {Tyson Barrett and Matt Dowle and Arun Srinivasan},
  year = {2023},
  note = {R package version 1.14.10},
  url = {https://CRAN.R-project.org/package=data.table},
}

@Manual{mlbench_bib,
  title = {mlbench: Machine Learning Benchmark Problems},
  author = {Friedrich Leisch and Evgenia Dimitriadou},
  year = {2021},
  note = {R package version 2.1-3.1},
}

@Misc{mlbench_dataset_bib,
  author = {D.J. Newman and S. Hettich and C.L. Blake and C.J. Merz},
  year = {1998},
  title = {UCI Repository of machine learning databases},
  url = {http://www.ics.uci.edu/~mlearn/MLRepository.html},
  institution = {University of California, Irvine, Dept. of Information and Computer Sciences},
}

@Manual{gapminder_bib,
  title = {gapminder: Data from Gapminder},
  author = {Jennifer Bryan},
  year = {2023},
  note = {R package version 1.0.0},
  url = {https://CRAN.R-project.org/package=gapminder},
}

@Book{ggplot2_bib,
  author = {Hadley Wickham},
  title = {ggplot2: Elegant Graphics for Data Analysis},
  publisher = {Springer-Verlag New York},
  year = {2016},
  isbn = {978-3-319-24277-4},
  url = {https://ggplot2.tidyverse.org},
}

@Article{plyr_bib,
  title = {The Split-Apply-Combine Strategy for Data Analysis},
  author = {Hadley Wickham},
  journal = {Journal of Statistical Software},
  year = {2011},
  volume = {40},
  number = {1},
  pages = {1--29},
  url = {https://www.jstatsoft.org/v40/i01/},
}

@Manual{magrittr_bib,
  title = {magrittr: A Forward-Pipe Operator for R},
  author = {Stefan Milton Bache and Hadley Wickham},
  year = {2022},
  note = {R package version 2.0.3},
  url = {https://CRAN.R-project.org/package=magrittr},
}

@article{tidy_data_bib,
 title={Tidy Data},
 volume={59},
 url={https://www.jstatsoft.org/index.php/jss/article/view/v059i10},
 doi={10.18637/jss.v059.i10},
 abstract={A huge amount of effort is spent cleaning data to get it ready for analysis, but there has been little research on how to make data cleaning as easy and effective as possible. This paper tackles a small, but important, component of data cleaning: data tidying. Tidy datasets are easy to manipulate, model and visualize, and have a specific structure: each variable is a column, each observation is a row, and each type of observational unit is a table. This framework makes it easy to tidy messy datasets because only a small set of tools are needed to deal with a wide range of un-tidy datasets. This structure also makes it easier to develop tidy tools for data analysis, tools that both input and output tidy datasets. The advantages of a consistent data structure and matching tools are demonstrated with a case study free from mundane data manipulation chores.},
 number={10},
 journal={Journal of Statistical Software},
 author={Wickham, Hadley},
 year={2014},
 pages={1–23}
}

@article{doi_10_1056_NEJMoa2034577,
author = {Polack, Fernando P. and Thomas, Stephen J. and Kitchin, Nicholas and Absalon, Judith and Gurtman, Alejandra and Lockhart, Stephen and Perez, John L. and P\'{e}rez Marc, Gonzalo and Moreira, Edson D. and Zerbini, Cristiano and Bailey, Ruth and Swanson, Kena A. and Roychoudhury, Satrajit and Koury, Kenneth and Li, Ping and Kalina, Warren V. and Cooper, David and Frenck, Robert W. and Hammitt, Laura L. and T\"{u}reci, \"{O}zlem and Nell, Haylene and Schaefer, Axel and \"{U}nal, Serhat and Tresnan, Dina B. and Mather, Susan and Dormitzer, Philip R. and \c{S}ahin, U\u{g}ur and Jansen, Kathrin U. and Gruber, William C.},
title = {Safety and Efficacy of the BNT162b2 mRNA Covid-19 Vaccine},
journal = {New England Journal of Medicine},
volume = {383},
number = {27},
pages = {2603-2615},
year = {2020},
doi = {10.1056/NEJMoa2034577},
    note ={PMID: 33301246},
URL = { 
        https://doi.org/10.1056/NEJMoa2034577
},
eprint = { 
        https://doi.org/10.1056/NEJMoa2034577
}
}

@Article{rephape_bib,
  author = {Hadley Wickham},
  journal = {Journal of Statistical Software},
  number = {12},
  title = {Reshaping data with the reshape package},
  url = {https://www.jstatsoft.org/v21/i12/},
  volume = {21},
  year = {2007},
}

@Article{rephape2_bib,
  title = {Reshaping Data with the {reshape} Package},
  author = {Hadley Wickham},
  journal = {Journal of Statistical Software},
  year = {2007},
  volume = {21},
  number = {12},
  pages = {1--20},
  url = {http://www.jstatsoft.org/v21/i12/},
}

@Manual{tictoc_bib,
  title = {tictoc: Functions for Timing R Scripts, as Well as Implementations of
"Stack" and "StackList" Structures},
  author = {Sergei Izrailev},
  year = {2023},
  note = {R package version 1.2},
  url = {https://CRAN.R-project.org/package=tictoc},
}

@article{carpenter2017stan,
title={Stan: A probabilistic programming language},
author={Carpenter, Bob and Gelman, Andrew and Hoffman, Matthew D and Lee, Daniel and Goodrich, Ben and Betancourt, Michael and Brubaker, Marcus and Guo, Jiqiang and Li, Peter and Riddell, Allen},
journal={Journal of statistical software},
volume={76},
number={1},
year={2017},
publisher={Columbia Univ., New York, NY (United States); Harvard Univ., Cambridge, MA (United States)}
}

@Article{lubridate_bib,
  title = {Dates and Times Made Easy with {lubridate}},
  author = {Garrett Grolemund and Hadley Wickham},
  journal = {Journal of Statistical Software},
  year = {2011},
  volume = {40},
  number = {3},
  pages = {1--25},
  url = {https://www.jstatsoft.org/v40/i03/},
}

@Manual{rgl_bib,
  title = {rgl: 3D Visualization Using OpenGL},
  author = {Duncan Murdoch and Daniel Adler},
  year = {2023},
  note = {R package version 1.2.8},
  url = {https://CRAN.R-project.org/package=rgl},
}

@Book{plotly_bib,
  author = {Carson Sievert},
  title = {Interactive Web-Based Data Visualization with R, plotly, and shiny},
  publisher = {Chapman and Hall/CRC},
  year = {2020},
  isbn = {9781138331457},
  url = {https://plotly-r.com},
}

@Book{lattice_bib,
  title = {Lattice: Multivariate Data Visualization with R},
  author = {Deepayan Sarkar},
  year = {2008},
  publisher = {Springer},
  address = {New York},
  isbn = {978-0-387-75968-5},
  url = {http://lmdvr.r-forge.r-project.org},
}

@Manual{dygraphs_bib,
  title = {dygraphs: Interface to 'Dygraphs' Interactive Time Series Charting Library},
  author = {Dan Vanderkam and JJ Allaire and Jonathan Owen and Daniel Gromer and Benoit Thieurmel},
  year = {2018},
  note = {R package version 1.1.1.6},
  url = {https://CRAN.R-project.org/package=dygraphs},
}

@book{woo1999opengl,
  title={OpenGL programming guide: the official guide to learning OpenGL, version 1.2},
  author={Woo, Mason and Neider, Jackie and Davis, Tom and Shreiner, Dave},
  year={1999},
  publisher={Addison-Wesley Longman Publishing Co., Inc.}
}

@Manual{pryr_bib,
  title = {pryr: Tools for Computing on the Language},
  author = {Hadley Wickham},
  year = {2023},
  note = {R package version 0.1.6},
  url = {https://CRAN.R-project.org/package=pryr},
}

@Manual{aoos_bib,
  title = {aoos: Another Object Orientation System},
  author = {Sebastian Warnholz},
  year = {2017},
  note = {R package version 0.5.0},
  url = {https://CRAN.R-project.org/package=aoos},
}

@Manual{R6_bib,
  title = {R6: Encapsulated Classes with Reference Semantics},
  author = {Winston Chang},
  year = {2021},
  note = {R package version 2.5.1},
  url = {https://CRAN.R-project.org/package=R6},
}

@Manual{S7_bib,
  title = {S7: An Object Oriented System Meant to Become a Successor to S3 and
S4},
  author = {Davis Vaughan and Jim Hester and Tomasz Kalinowski and Will Landau and Michael Lawrence and Martin Maechler and Luke Tierney and Hadley Wickham},
  year = {2023},
  note = {R package version 0.1.1},
  url = {https://CRAN.R-project.org/package=S7},
}

@Article{lme4_bib,
  title = {Fitting Linear Mixed-Effects Models Using {lme4}},
  author = {Douglas Bates and Martin M{\"a}chler and Ben Bolker and Steve Walker},
  journal = {Journal of Statistical Software},
  year = {2015},
  volume = {67},
  number = {1},
  pages = {1--48},
  doi = {10.18637/jss.v067.i01},
}

@Manual{styler_bib,
  title = {styler: Non-Invasive Pretty Printing of R Code},
  author = {Kirill Müller and Lorenz Walthert},
  year = {2023},
  note = {R package version 1.10.2},
  url = {https://CRAN.R-project.org/package=styler},
}

@Manual{formatR_bib,
  title = {formatR: Format R Code Automatically},
  author = {Yihui Xie},
  year = {2023},
  note = {R package version 1.14},
  url = {https://CRAN.R-project.org/package=formatR},
}

@book{Dustin_Boswell2012-06-23,
title={リーダブルコード ーより良いコードを書くためのシンプルで実践的なテクニック (Theory in practice)},
author={Dustin Boswell and Trevor Foucher},
translator={角, 征典},
publisher={オライリージャパン},
year={2012},
month={6},
day={23},
date={2012-06-23},
edition={単行本（ソフトカバー）},
pages={260},
isbn10={4873115655},
url={https://www.amazon.co.jp/dp/4873115655/},
url-ci={https://ci.nii.ac.jp/books/search?advanced=true&isbn=9784873115658},
url-go={https://books.google.com/books?isbn=9784873115658},
url-wo={https://www.worldcat.org/search?qt=l2a&q=isbn%3A9784873115658},
timestamp={2023-12-22},
}

@Manual{Mediana_bib,
  title = {Mediana: Clinical Trial Simulations},
  author = {Gautier Paux and Alex Dmitrienko.},
  year = {2019},
  note = {R package version 1.0.8},
  url = {https://CRAN.R-project.org/package=Mediana},
}

@Article{gMCP_bib,
  title = {Graphical approaches for multiple comparison procedures using weighted Bonferroni, Simes or parametric tests},
  author = {Frank Bretz and Martin Posch and Ekkehard Glimm and Florian Klinglmueller and Willi Maurer and Kornelius Rohmeyer},
  journal = {Biometrical Journal},
  year = {2011},
  publisher = {Wiley},
  volume = {53},
  number = {6},
  pages = {894--913},
  url = {https://doi.org/10.1002/bimj.201000239},
}

@Manual{outliers_bib,
  title = {outliers: Tests for Outliers},
  author = {Lukasz Komsta},
  year = {2022},
  note = {R package version 0.15},
  url = {https://CRAN.R-project.org/package=outliers},
}

@Manual{DescTools_bib,
  title = {DescTools: Tools for Descriptive Statistics},
  author = {Andri Signorell},
  year = {2023},
  note = {R package version 0.99.52},
  url = {https://CRAN.R-project.org/package=DescTools},
}

@Manual{nlme_bib,
  title = {nlme: Linear and Nonlinear Mixed Effects Models},
  author = {José Pinheiro and Douglas Bates and {R Core Team}},
  year = {2023},
  note = {R package version 3.1-164},
  url = {https://CRAN.R-project.org/package=nlme},
}

@Book{nlme_book,
  title = {Mixed-Effects Models in S and S-PLUS},
  author = {José C. Pinheiro and Douglas M. Bates},
  year = {2000},
  publisher = {Springer},
  address = {New York},
  doi = {10.1007/b98882},
}

@Article{lmerTest_bib,
  title = {{lmerTest} Package: Tests in Linear Mixed Effects Models},
  author = {Alexandra Kuznetsova and Per B. Brockhoff and Rune H. B. Christensen},
  journal = {Journal of Statistical Software},
  year = {2017},
  volume = {82},
  number = {13},
  pages = {1--26},
  doi = {10.18637/jss.v082.i13},
}

@Article{lme4_bib,
  title = {Fitting Linear Mixed-Effects Models Using {lme4}},
  author = {Douglas Bates and Martin M{\"a}chler and Ben Bolker and Steve Walker},
  journal = {Journal of Statistical Software},
  year = {2015},
  volume = {67},
  number = {1},
  pages = {1--48},
  doi = {10.18637/jss.v067.i01},
}

@Article{glmnet_bib1,
  title = {Regularization Paths for Generalized Linear Models via Coordinate Descent},
  author = {Jerome Friedman and Robert Tibshirani and Trevor Hastie},
  journal = {Journal of Statistical Software},
  year = {2010},
  volume = {33},
  number = {1},
  pages = {1--22},
  doi = {10.18637/jss.v033.i01},
}

@Article{glmnet_bib2,
  title = {Regularization Paths for Cox's Proportional Hazards Model via Coordinate Descent},
  author = {Noah Simon and Jerome Friedman and Robert Tibshirani and Trevor Hastie},
  journal = {Journal of Statistical Software},
  year = {2011},
  volume = {39},
  number = {5},
  pages = {1--13},
  doi = {10.18637/jss.v039.i05},
}

@Article{glmnet_bib3,
  title = {Elastic Net Regularization Paths for All Generalized Linear Models},
  author = {J. Kenneth Tay and Balasubramanian Narasimhan and Trevor Hastie},
  journal = {Journal of Statistical Software},
  year = {2023},
  volume = {106},
  number = {1},
  pages = {1--31},
  doi = {10.18637/jss.v106.i01},
}

@Manual{survival-package,
  title = {A Package for Survival Analysis in R},
  author = {Terry M Therneau},
  year = {2023},
  note = {R package version 3.5-7},
  url = {https://CRAN.R-project.org/package=survival},
}

@Book{survival-book,
  title = {Modeling Survival Data: Extending the {C}ox Model},
  author = {{Terry M. Therneau} and {Patricia M. Grambsch}},
  year = {2000},
  publisher = {Springer},
  address = {New York},
  isbn = {0-387-98784-3},
}

@Manual{survivalAnalysis_bib,
  title = {survivalAnalysis: High-Level Interface for Survival Analysis and Associated Plots},
  author = {Marcel Wiesweg},
  year = {2022},
  note = {R package version 0.3.0},
  url = {https://CRAN.R-project.org/package=survivalAnalysis},
}

@Manual{ggsurvfit_bib,
  title = {ggsurvfit: Flexible Time-to-Event Figures},
  author = {Daniel D. Sjoberg and Mark Baillie and Charlotta Fruechtenicht and Steven Haesendonckx and Tim Treis},
  year = {2023},
  note = {R package version 1.0.0},
  url = {https://CRAN.R-project.org/package=ggsurvfit},
}

@Manual{survminer_bib,
  title = {survminer: Drawing Survival Curves using 'ggplot2'},
  author = {Alboukadel Kassambara and Marcin Kosinski and Przemyslaw Biecek},
  year = {2021},
  note = {R package version 0.4.9},
  url = {https://CRAN.R-project.org/package=survminer},
}

@article{10.1145/272991.272995,
author = {Matsumoto, Makoto and Nishimura, Takuji},
title = {Mersenne Twister: A 623-Dimensionally Equidistributed Uniform Pseudo-Random Number Generator},
year = {1998},
issue_date = {Jan. 1998},
publisher = {Association for Computing Machinery},
address = {New York, NY, USA},
volume = {8},
number = {1},
issn = {1049-3301},
url = {https://doi.org/10.1145/272991.272995},
doi = {10.1145/272991.272995},
abstract = {A new algorithm called Mersenne Twister (MT) is proposed for generating uniform pseudorandom numbers. For a particular choice of parameters, the algorithm provides a super astronomical period of 219937 −1 and 623-dimensional equidistribution up to 32-bit accuracy, while using a working area of only 624 words. This is a new variant of the previously proposed generators, TGFSR, modified so as to admit a Mersenne-prime period. The characteristic polynomial has many terms. The distribution up to v bits accuracy for 1 ≤ v ≤ 32 is also shown to be good. An algorithm is also given that checks the primitivity of the characteristic polynomial of MT with computational complexity O(p2) where  p is the degree of the polynomial.We implemented this generator in portable C-code. It passed several stringent statistical tests, including diehard. Its speed is comparable to other modern generators. Its merits are due to the efficient algorithms that are unique to polynomial calculations over the two-element field.},
journal = {ACM Trans. Model. Comput. Simul.},
month = {jan},
pages = {3–30},
numpages = {28},
keywords = {TGFSR, Mersenne primes, random number generation, primitive polynomials, m-sequences, k-distribution, incomplete array, finite fields, tempering, MT19937, GFSR, multiple-recursive matrix method, inversive-decimation method, Mersenne twister}
}

@article{benjamin2018redefine,
  title={Redefine statistical significance},
  author={Benjamin, Daniel J and Berger, James O and Johannesson, Magnus and Nosek, Brian A and Wagenmakers, E-J and Berk, Richard and Bollen, Kenneth A and Brembs, Bj{\"o}rn and Brown, Lawrence and Camerer, Colin and others},
  journal={Nature human behaviour},
  volume={2},
  number={1},
  pages={6--10},
  year={2018},
  publisher={Nature Publishing Group}
}

@article{e6a4d0acbb644e5b84bf4e80a435599e,
title = "Points of significance: P values and the search for significance",
author = "Naomi Altman and Martin Krzywinski",
note = "Copyright: Copyright 2017 Elsevier B.V., All rights reserved.",
year = "2016",
month = dec,
day = "29",
doi = "10.1038/nmeth.4120",
language = "English (US)",
volume = "14",
pages = "3--4",
journal = "Nature methods",
issn = "1548-7091",
publisher = "Nature Publishing Group",
number = "1",
}

@article{川野秀一2017,
  title={スパース正則化に基づく回帰モデリングとその計算アルゴリズム},
  author={川野秀一},
  journal={計算機統計学},
  volume={30},
  number={2},
  pages={173-186},
  year={2017},
  doi={10.20551/jscswabun.30.2_173}
}

@article{大森敏明2015KJ00009904410,
  title={使える!統計検定・機械学習-V : 回帰問題への機械学習的アプローチ : スパース性に基づく回帰モデリング},
  author={大森敏明},
  journal={システム／制御／情報},
  volume={59},
  number={4},
  pages={151-156},
  year={2015},
  doi={10.11509/isciesci.59.4_151}
}

@Article{brms_bib1,
  title = {{brms}: An {R} Package for {Bayesian} Multilevel Models Using {Stan}},
  author = {Paul-Christian Bürkner},
  journal = {Journal of Statistical Software},
  year = {2017},
  volume = {80},
  number = {1},
  pages = {1--28},
  doi = {10.18637/jss.v080.i01},
  encoding = {UTF-8},
}

@Article{brms_bib2,
  title = {Advanced {Bayesian} Multilevel Modeling with the {R} Package {brms}},
  author = {Paul-Christian Bürkner},
  journal = {The R Journal},
  year = {2018},
  volume = {10},
  number = {1},
  pages = {395--411},
  doi = {10.32614/RJ-2018-017},
  encoding = {UTF-8},
}

@Article{brms_bib3,
  title = {Bayesian Item Response Modeling in {R} with {brms} and {Stan}},
  author = {Paul-Christian Bürkner},
  journal = {Journal of Statistical Software},
  year = {2021},
  volume = {100},
  number = {5},
  pages = {1--54},
  doi = {10.18637/jss.v100.i05},
  encoding = {UTF-8},
}

@Manual{stan_bib,
title = {Stan Modeling Language Users Guide and Reference Manual},
author = {Stan Development Team},
year = {2023},
version = {2.33},
url = {https://mc-stan.org}}

@Misc{rstan_bib,
  title = {{RStan}: the {R} interface to {Stan}},
  author = {{Stan Development Team}},
  note = {R package version 2.32.3},
  year = {2023},
  url = {https://mc-stan.org/},
}

@Manual{pls_bib,
  title = {pls: Partial Least Squares and Principal Component Regression},
  author = {Kristian Hovde Liland and Bjørn-Helge Mevik and Ron Wehrens},
  year = {2023},
  note = {R package version 2.8-3},
  url = {https://CRAN.R-project.org/package=pls},
}

@Manual{KernSmooth_bib,
  title = {KernSmooth: Functions for Kernel Smoothing Supporting Wand & Jones (1995)},
  author = {Matt Wand},
  year = {2023},
  note = {R package version 2.23-22},
  url = {https://CRAN.R-project.org/package=KernSmooth},
}

@Manual{neuralnet_bib,
  title = {neuralnet: Training of Neural Networks},
  author = {Stefan Fritsch and Frauke Guenther and Marvin N. Wright},
  year = {2019},
  note = {R package version 1.44.2},
  url = {https://CRAN.R-project.org/package=neuralnet},
}

@Manual{kernlab_bib1,
  title = {kernlab: Kernel-Based Machine Learning Lab},
  author = {Alexandros Karatzoglou and Alex Smola and Kurt Hornik},
  year = {2023},
  note = {R package version 0.9-32},
  url = {https://CRAN.R-project.org/package=kernlab},
}

@Article{kernlab_bib2,
  title = {kernlab -- An {S4} Package for Kernel Methods in {R}},
  author = {Alexandros Karatzoglou and Alex Smola and Kurt Hornik and Achim Zeileis},
  journal = {Journal of Statistical Software},
  year = {2004},
  volume = {11},
  number = {9},
  pages = {1--20},
  doi = {10.18637/jss.v011.i09},
}

@Book{nnet_bib,
  title = {Modern Applied Statistics with S},
  author = {W. N. Venables and B. D. Ripley},
  publisher = {Springer},
  edition = {Fourth},
  address = {New York},
  year = {2002},
  note = {ISBN 0-387-95457-0},
  url = {https://www.stats.ox.ac.uk/pub/MASS4/},
}

@Manual{tidymodels_bib,
  title = {Tidymodels: a collection of packages for modeling and machine learning using tidyverse principles.},
  author = {Max Kuhn and Hadley Wickham},
  url = {https://www.tidymodels.org},
  year = {2020},
}

@Manual{e1071_bib,
  title = {e1071: Misc Functions of the Department of Statistics, Probability
Theory Group (Formerly: E1071), TU Wien},
  author = {David Meyer and Evgenia Dimitriadou and Kurt Hornik and Andreas Weingessel and Friedrich Leisch},
  year = {2023},
  note = {R package version 1.7-14},
  url = {https://CRAN.R-project.org/package=e1071},
}

@Manual{RMeCab_bib,
  title = {RMeCab: interface to MeCab},
  author = {Motohiro Ishida and Taku Kudo},
  year = {2023},
  note = {R package version 1.11},
}

@Article{tm_bib,
  title = {Text Mining Infrastructure in R},
  author = {Ingo Feinerer and Kurt Hornik and David Meyer},
  year = {2008},
  journal = {Journal of Statistical Software},
  volume = {25},
  number = {5},
  pages = {1--54},
  month = {March},
  doi = {10.18637/jss.v025.i05},
}

@Manual{SnowballC_bib,
  title = {SnowballC: Snowball Stemmers Based on the C 'libstemmer' UTF-8 Library},
  author = {Milan Bouchet-Valat},
  year = {2023},
  note = {R package version 0.7.1},
  url = {https://CRAN.R-project.org/package=SnowballC},
}

@Manual{JOUSBoost_bib,
  title = {JOUSBoost: Implements Under/Oversampling for Probability Estimation},
  author = {Matthew Olson},
  year = {2017},
  note = {R package version 2.1.0},
  url = {https://CRAN.R-project.org/package=JOUSBoost},
}

@Manual{xgboost_bib,
  title = {xgboost: Extreme Gradient Boosting},
  author = {Tianqi Chen and Tong He and Michael Benesty and Vadim Khotilovich and Yuan Tang and Hyunsu Cho and Kailong Chen and Rory Mitchell and Ignacio Cano and Tianyi Zhou and Mu Li and Junyuan Xie and Min Lin and Yifeng Geng and Yutian Li and Jiaming Yuan},
  year = {2023},
  note = {R package version 1.7.6.1},
  url = {https://CRAN.R-project.org/package=xgboost},
}

@Manual{lightgbm_bib,
  title = {lightgbm: Light Gradient Boosting Machine},
  author = {Yu Shi and Guolin Ke and Damien Soukhavong and James Lamb and Qi Meng and Thomas Finley and Taifeng Wang and Wei Chen and Weidong Ma and Qiwei Ye and Tie-Yan Liu and Nikita Titov and David Cortes},
  year = {2024},
  note = {R package version 4.3.0},
  url = {https://CRAN.R-project.org/package=lightgbm},
}

@Misc{catboost_bib,
title = {CatBoost: unbiased boosting with categorical features},
author = {Liudmila Prokhorenkova and Gleb Gusev and Aleksandr Vorobev and Anna Veronika Dorogush and Andrey Gulin},
year = {2017},
url = {https://arxiv.org/abs/1706.09516},
}

@article{1523106605673180672,
author="Japanese Archipelago Human Population Genetics Consortium",
title="The history of human populations in the Japanese Archipelago inferred from genome-wide SNP data with a special reference to the Ainu and the Ryukyuan populations",
journal="Journal of human genetics",
ISSN="14345161",
publisher="Springer Nature",
year="2012",
month="12",
volume="57",
number="12",
pages="787-795",
URL="https://cir.nii.ac.jp/crid/1523106605673180672"
}

@Article{vars_bib1,
  title = {VAR, SVAR and SVEC Models: Implementation Within {R} Package {vars}},
  author = {Bernhard Pfaff},
  journal = {Journal of Statistical Software},
  year = {2008},
  volume = {27},
  number = {4},
  url = {https://www.jstatsoft.org/v27/i04/},
}

@Book{vars_bib2,
  title = {Analysis of Integrated and Cointegrated Time Series with R},
  author = {B. Pfaff},
  publisher = {Springer},
  edition = {Second},
  address = {New York},
  year = {2008},
  note = {ISBN 0-387-27960-1},
  url = {https://www.pfaffikus.de},
}

@Manual{fGarch_bib,
  title = {fGarch: Rmetrics - Autoregressive Conditional Heteroskedastic Modelling},
  author = {Diethelm Wuertz and Yohan Chalabi and Tobias Setz and Martin Maechler and Georgi N. Boshnakov},
  year = {2023},
  note = {R package version 4031.90},
  url = {https://CRAN.R-project.org/package=fGarch},
}

@Article{zoo_bib,
  title = {zoo: S3 Infrastructure for Regular and Irregular Time Series},
  author = {Achim Zeileis and Gabor Grothendieck},
  journal = {Journal of Statistical Software},
  year = {2005},
  volume = {14},
  number = {6},
  pages = {1--27},
  doi = {10.18637/jss.v014.i06},
}

@Article{CADFtest_bib,
  title = {Unit Root CADF Testing with {R}},
  author = {Claudio Lupi},
  journal = {Journal of Statistical Software},
  year = {2009},
  volume = {32},
  pages = {20},
  number = {2},
}

@Manual{tseries_bib,
  title = {tseries: Time Series Analysis and Computational Finance},
  author = {Adrian Trapletti and Kurt Hornik},
  year = {2023},
  note = {R package version 0.10-55},
  url = {https://CRAN.R-project.org/package=tseries},
}

@Misc{rstan_bib,
  title = {{RStan}: the {R} interface to {Stan}},
  author = {{Stan Development Team}},
  note = {R package version 2.32.3},
  year = {2023},
  url = {https://mc-stan.org/},
}

@Manual{cmdstanr_bib,
  title = {cmdstanr: R Interface to 'CmdStan'},
  author = {Jonah Gabry and Rok Cesnovar and Andrew Johnson},
  year = {2023},
  note = {R package version 0.7.0, https://discourse.mc-stan.org},
  url = {https://mc-stan.org/cmdstanr/},
}

@Article{dlm_bib1,
  title = {An {R} Package for Dynamic Linear Models},
  author = {Giovanni Petris},
  journal = {Journal of Statistical Software},
  year = {2010},
  volume = {36},
  number = {12},
  pages = {1--16},
  url = {https://www.jstatsoft.org/v36/i12/},
}

@Book{dlm_bib2,
  title = {Dynamic Linear Models with R},
  author = {Giovanni Petris and Sonia Petrone and Patrizia Campagnoli},
  year = {2009},
  series = {useR!},
  publisher = {Springer-Verlag, New York},
}

@Article{KFAS_bib,
  title = {{KFAS}: Exponential Family State Space Models in {R}},
  author = {Jouni Helske},
  journal = {Journal of Statistical Software},
  year = {2017},
  volume = {78},
  number = {10},
  pages = {1--39},
  doi = {10.18637/jss.v078.i10},
}

@book{松浦健太郎2016-10-25,
title={StanとRでベイズ統計モデリング (Wonderful R)},
author={松浦, 健太郎 and 石田, 基広},
publisher={共立出版},
year={2016},
month={10},
day={25},
date={2016-10-25},
edition={単行本},
pages={264},
keywords={確率・統計, a8f65892-81a4-4399-8dff-f293a701bfe0_6601, a8f65892-81a4-4399-8dff-f293a701bfe0_6401, 科学・テクノロジー, 科学・テクノロジー(Kindle本を除く)},
isbn={978-4320112421},
isbn10={4320112423},
url-am={https://www.amazon.co.jp/dp/4320112423/},
}

@Manual{TSstudio_bib,
  title = {TSstudio: Functions for Time Series Analysis and Forecasting},
  author = {Rami Krispin},
  year = {2023},
  note = {R package version 0.1.7},
  url = {https://CRAN.R-project.org/package=TSstudio},
}

@Manual{ggsurvfit_bib,
  title = {ggsurvfit: Flexible Time-to-Event Figures},
  author = {Daniel D. Sjoberg and Mark Baillie and Charlotta Fruechtenicht and Steven Haesendonckx and Tim Treis},
  year = {2023},
  note = {R package version 1.0.0},
  url = {https://CRAN.R-project.org/package=ggsurvfit},
}

@article{武冨奈菜美2023,
  title={生存時間解析・信頼性解析のための統計モデル},
  author={武冨, 奈菜美 and 山本, 和嬉},
  journal={日本統計学会誌},
  volume={52},
  number={2},
  pages={69-112},
  year={2023},
  doi={10.11329/jjssj.52.69},
  url = {https://www.jstage.jst.go.jp/article/jjssj/52/2/52_69/_article/-char/ja/},
}

@Manual{survminer_bib,
  title = {survminer: Drawing Survival Curves using 'ggplot2'},
  author = {Alboukadel Kassambara and Marcin Kosinski and Przemyslaw Biecek},
  year = {2021},
  note = {R package version 0.4.9},
  url = {https://CRAN.R-project.org/package=survminer},
}

@Manual{maps_bib,
  title = {maps: Draw Geographical Maps},
  author = {Original S code by Richard A. Becker and Allan R. Wilks. R version by Ray Brownrigg. Enhancements by Thomas P Minka and Alex Deckmyn. Fixes by the CRAN team.},
  year = {2023},
  note = {R package version 3.4.1.1},
  url = {https://CRAN.R-project.org/package=maps},
}

@Book{sf_bib1,
  author = {Edzer Pebesma and Roger Bivand},
  title = {{Spatial Data Science: With applications in R}},
  year = {2023},
  publisher = {{Chapman and Hall/CRC}},
  url = {https://r-spatial.org/book/},
  doi = {10.1201/9780429459016},
}

@Article{sf_bib2,
  author = {Edzer Pebesma},
  title = {{Simple Features for R: Standardized Support for Spatial Vector Data}},
  year = {2018},
  journal = {{The R Journal}},
  doi = {10.32614/RJ-2018-009},
  url = {https://doi.org/10.32614/RJ-2018-009},
  pages = {439--446},
  volume = {10},
  number = {1},
}

@Manual{patchwork_bib,
  title = {patchwork: The Composer of Plots},
  author = {Thomas Lin Pedersen},
  year = {2023},
  note = {R package version 1.1.3},
  url = {https://CRAN.R-project.org/package=patchwork},
}

@Manual{gganimate_bib,
  title = {gganimate: A Grammar of Animated Graphics},
  author = {Thomas Lin Pedersen and David Robinson},
  year = {2022},
  note = {R package version 1.0.8},
  url = {https://CRAN.R-project.org/package=gganimate},
}

@Manual{gifski_bib,
  title = {gifski: Highest Quality GIF Encoder},
  author = {Jeroen Ooms and {Kornel Lesi?ski} and {Authors of the dependency Rust crates}},
  year = {2023},
  note = {R package version 1.12.0-2},
  url = {https://CRAN.R-project.org/package=gifski},
}

@Manual{GGally_bib,
  title = {GGally: Extension to 'ggplot2'},
  author = {Barret Schloerke and Di Cook and Joseph Larmarange and Francois Briatte and Moritz Marbach and Edwin Thoen and Amos Elberg and Jason Crowley},
  year = {2023},
  note = {R package version 2.2.0},
  url = {https://CRAN.R-project.org/package=GGally},
}

@Manual{r2d3_bib,
  title = {r2d3: Interface to 'D3' Visualizations},
  author = {Nick Strayer and Javier Luraschi and JJ Allaire},
  year = {2022},
  note = {R package version 0.2.6},
  url = {https://CRAN.R-project.org/package=r2d3},
}

@Manual{rmarkdown_bib1,
  title = {rmarkdown: Dynamic Documents for R},
  author = {JJ Allaire and Yihui Xie and Christophe Dervieux and Jonathan McPherson and Javier Luraschi and Kevin Ushey and Aron Atkins and Hadley Wickham and Joe Cheng and Winston Chang and Richard Iannone},
  year = {2023},
  note = {R package version 2.25},
  url = {https://github.com/rstudio/rmarkdown},
}

@Book{rmarkdown_bib2,
  title = {R Markdown: The Definitive Guide},
  author = {Yihui Xie and J.J. Allaire and Garrett Grolemund},
  publisher = {Chapman and Hall/CRC},
  address = {Boca Raton, Florida},
  year = {2018},
  isbn = {9781138359338},
  url = {https://bookdown.org/yihui/rmarkdown},
}

@Book{rmarkdown_bib3,
  title = {R Markdown Cookbook},
  author = {Yihui Xie and Christophe Dervieux and Emily Riederer},
  publisher = {Chapman and Hall/CRC},
  address = {Boca Raton, Florida},
  year = {2020},
  isbn = {9780367563837},
  url = {https://bookdown.org/yihui/rmarkdown-cookbook},
}

@Manual{shiny_bib,
  title = {shiny: Web Application Framework for R},
  author = {Winston Chang and Joe Cheng and JJ Allaire and Carson Sievert and Barret Schloerke and Yihui Xie and Jeff Allen and Jonathan McPherson and Alan Dipert and Barbara Borges},
  year = {2023},
  note = {R package version 1.8.0},
  url = {https://CRAN.R-project.org/package=shiny},
}

@Manual{glmm_bib,
  title = {glmm: Generalized Linear Mixed Models via Monte Carlo Likelihood
Approximation},
  author = {Christina Knudson},
  year = {2022},
  note = {R package version 1.4.4},
  url = {https://CRAN.R-project.org/package=glmm},
}

@Article{MCMCglmm_bib,
  title = {MCMC Methods for Multi-Response Generalized Linear Mixed Models: The {MCMCglmm} {R} Package},
  author = {Jarrod D. Hadfield},
  journal = {Journal of Statistical Software},
  year = {2010},
  volume = {33},
  number = {2},
  pages = {1--22},
  url = {https://www.jstatsoft.org/v33/i02/},
}

@Article{randomForest_bib,
  title = {Classification and Regression by randomForest},
  author = {Andy Liaw and Matthew Wiener},
  journal = {R News},
  year = {2002},
  volume = {2},
  number = {3},
  pages = {18-22},
  url = {https://CRAN.R-project.org/doc/Rnews/},
}

@Manual{rgl_bib,
  title = {rgl: 3D Visualization Using OpenGL},
  author = {Duncan Murdoch and Daniel Adler},
  year = {2023},
  note = {R package version 1.2.8},
  url = {https://CRAN.R-project.org/package=rgl},
}

@book{山田剛史2008-01-25,
title={Rによるやさしい統計学},
author={山田,剛史 and 杉澤,武俊 and 村井,潤一郎},
publisher={オーム社},
year={2008},
month={1},
day={25},
date={2008-01-25},
pages={589},
asin={B00E06CJP4},
url={https://www.amazon.co.jp/dp/B00E06CJP4/},
}

@book{奥村晴彦2016-09-08,
title={Rで楽しむ統計 (Wonderful R 1)},
author={奥村, 晴彦 and 石田, 基広},
editor={市川, 太祐 and 高橋, 康介 and 高柳, 慎一 and 福島, 真太朗},
publisher={共立出版},
year={2016},
month={9},
day={8},
date={2016-09-08},
edition={単行本},
pages={208},
isbn={978-4320112414},
isbn10={4320112415},
url={https://www.amazon.co.jp/dp/4320112415/},
}


@book{宋財泫20200622,
title={私たちのR ベストプラクティスの探求},
author={宋,財泫 and 矢内,勇生},
year={2020},
month={6},
day={22},
date={2020-06-22},
url={https://www.jaysong.net/RBook/},
}

@book{Wickham_Hadley2023-07-18,
title={R for Data Science: Import, Tidy, Transform, Visualize, and Model Data},
author={Wickham, Hadley and Mine, Cetinkaya-rundel and Grolemund, Garrett},
publisher={O'Reilly Media},
year={2023},
month={7},
day={18},
date={2023-07-18},
edition={ペーパーバック},
pages={500},
keywords={Education & Reference, Machine Learning, Data Mining, Information Visualization Graphic Design, English Paperback Store},
isbn={978-1492097402},
isbn10={1492097403},
url={https://www.amazon.co.jp/dp/1492097403/},
}

@book{馬場真哉2019-07-10,
title={実践Ｄａｔａ　Ｓｃｉｅｎｃｅシリーズ　ＲとＳｔａｎではじめる　ベイズ統計モデリングによるデータ分析入門 (ＫＳ情報科学専門書)},
author={馬場真哉},
publisher={講談社},
year={2019},
month={7},
day={10},
date={2019-07-10},
edition={Kindle版},
pages={549},
keywords={コンピュータ・IT, a8f65892-81a4-4399-8dff-f293a701bfe0_6601, a8f65892-81a4-4399-8dff-f293a701bfe0_6401, a8f65892-81a4-4399-8dff-f293a701bfe0_7601},
asin={B07WFD5RFS},
url={https://www.amazon.co.jp/dp/B07WFD5RFS/},
}

@book{馬場真哉2018-02-14,
title={時系列分析と状態空間モデルの基礎: RとStanで学ぶ理論と実装},
author={馬場真哉},
publisher={プレアデス出版},
year={2018},
month={2},
day={14},
date={2018-02-14},
edition={単行本},
pages={349},
keywords={本, テスト, Prime Student 3%ポイント, Top10万ASIN, Amazon Student ポイント還元(和書)},
isbn={978-4903814872},
isbn10={4903814874},
url={https://www.amazon.co.jp/dp/4903814874/},
}

@book{小森政嗣2022-06-23,
title={RとStanではじめる　心理学のための時系列分析入門 (ＫＳ専門書)},
author={小森政嗣},
publisher={講談社},
year={2022},
month={6},
day={23},
date={2022-06-23},
edition={Kindle版},
pages={323},
keywords={本, 科学・テクノロジー, Custom Stores, Kindle書籍 5冊購入で15%ポイント還元},
asin={B0BLHBPTWT},
url={https://lead.to/amazon/jp/?op=bt&la=ja&key=B0BLHBPTWT},
url={https://www.amazon.co.jp/dp/B0BLHBPTWT/},
}

@book{松浦健太郎2016-10-25,
title={StanとRでベイズ統計モデリング (Wonderful R 2)},
author={松浦, 健太郎 and 石田, 基広},
editor={市川, 太祐 and 高橋, 康介 and 高柳, 慎一 and 福島, 真太朗},
publisher={共立出版},
year={2016},
month={10},
day={25},
date={2016-10-25},
edition={単行本},
pages={264},
keywords={本, Prime Student 3%ポイント, Top10万ASIN, 本のポイントキャンペーン, Amazon Student ポイント還元(和書)},
isbn={978-4320112421},
isbn10={4320112423},
url={https://www.amazon.co.jp/dp/4320112423/},
}

@book{村上大輔2022-04-06,
title={実践Data Scienceシリーズ Rではじめる地理空間データの統計解析入門 (KS情報科学専門書)},
author={村上, 大輔},
publisher={講談社},
year={2022},
month={4},
day={6},
date={2022-04-06},
edition={単行本（ソフトカバー）},
pages={272},
keywords={地理・地誌, 紀行文・旅行記, 地球科学・エコロジー, a8f65892-81a4-4399-8dff-f293a701bfe0_6601, a8f65892-81a4-4399-8dff-f293a701bfe0_6401},
isbn={978-4065273036},
isbn10={406527303X},
url={https://www.amazon.co.jp/dp/406527303X/},
}

@book{岩波データサイエンス刊行委員会2015-10-08,
title={岩波データサイエンス Vol.1},
editor={岩波データサイエンス刊行委員会},
publisher={岩波書店},
year={2015},
month={10},
day={8},
date={2015-10-08},
edition={単行本（ソフトカバー）},
pages={160},
keywords={本, Prime Student 3%ポイント, Top10万ASIN, 本のポイントキャンペーン, Pickup},
isbn={978-4000298513},
isbn10={4000298518},
url={https://www.amazon.co.jp/dp/4000298518/},
}

@book{久保拓弥2012-05-19,
title={データ解析のための統計モデリング入門 一般化線形モデル・階層ベイズモデル・MCMC (確率と情報の科学)},
author={久保, 拓弥},
publisher={岩波書店},
year={2012},
month={5},
day={19},
date={2012-05-19},
edition={単行本},
pages={272},
keywords={本, Prime Student 3%ポイント, Top10万ASIN, 本のポイントキャンペーン, Pickup},
isbn={978-4000069731},
isbn10={400006973X},
url={https://www.amazon.co.jp/dp/400006973X/},
}

@book{東京大学教養学部統計学教室1991-07-09,
title={統計学入門 (基礎統計学Ⅰ)},
editor={東京大学教養学部統計学教室},
publisher={東京大学出版会},
year={1991},
month={7},
day={9},
date={1991-07-09},
edition={単行本},
pages={328},
keywords={統計法・人口統計・資源統計, 確率・統計, a8f65892-81a4-4399-8dff-f293a701bfe0_6601, a8f65892-81a4-4399-8dff-f293a701bfe0_6401, ビジネス・経済},
isbn={978-4130420655},
isbn10={4130420658},
url={https://www.amazon.co.jp/dp/4130420658/},
}

@book{Moore_Dirk_F_2016-05-11,
title={Applied Survival Analysis Using R (Use R!) (English Edition)},
author={Moore, Dirk F.},
publisher={Springer},
year={2016},
month={5},
day={11},
date={2016-05-11},
edition={Kindle版},
pages={240},
keywords={Professional Science Biological Sciences, Professional Applied Mathematics, Biostatistics, Probability & Statistics, Epidemiology},
asin={B01FKDTW3W},
url={https://www.amazon.co.jp/dp/B01FKDTW3W/},
}

@book{Winston_Chang2019-11-21,
title={Rグラフィックスクックブック 第2版 ーggplot2によるグラフ作成のレシピ集},
author={Winston Chang},
translator={石井, 弓美子 and 河内, 崇 and 瀬戸山, 雅人},
publisher={オライリージャパン},
year={2019},
month={11},
day={21},
date={2019-11-21},
edition={単行本（ソフトカバー）},
pages={472},
keywords={ソフトウェア開発・言語, 【終了しました】本全品5%ポイント還元 まとめ買いならクーポン利用で最大14%ポイント還元, Pickup, Amazon Student ポイント還元(和書), Amazonアプリキャンペーン対象商品(和書)},
isbn={978-4873118925},
isbn10={4873118921},
url={https://www.amazon.co.jp/dp/4873118921/},
}

@book{金森敬文2017-11-23,
title={Rによる機械学習入門},
author={金森敬文},
publisher={オーム社},
year={2017},
month={11},
day={23},
date={2017-11-23},
edition={単行本},
pages={272},
keywords={コンピュータ・IT, a8f65892-81a4-4399-8dff-f293a701bfe0_6601, a8f65892-81a4-4399-8dff-f293a701bfe0_6401, Prime Student 3%ポイント},
isbn={978-4274221125},
isbn10={4274221121},
url={https://www.amazon.co.jp/dp/4274221121/},
}

@book{高橋将宜2017-12-09,
title={欠測データ処理: Rによる単一代入法と多重代入法 (統計学One Point 5)},
author={高橋, 将宜 and 渡辺, 美智子},
publisher={共立出版},
year={2017},
month={12},
day={9},
date={2017-12-09},
edition={単行本},
pages={208},
keywords={本, Prime Student 3%ポイント, Top10万ASIN, Amazon Student ポイント還元(和書), Amazonアプリキャンペーン対象商品(和書)},
isbn={978-4320112568},
isbn10={4320112563},
url={https://www.amazon.co.jp/dp/4320112563/},
}

@book{金明哲2017-03-25,
title={Rによるデータサイエンス(第2版):データ解析の基礎から最新手法まで},
author={金, 明哲},
publisher={森北出版},
year={2017},
month={3},
day={25},
date={2017-03-25},
edition={単行本（ソフトカバー）},
pages={336},
keywords={統計法・人口統計・資源統計, 確率・統計, 人工知能, a8f65892-81a4-4399-8dff-f293a701bfe0_6601, a8f65892-81a4-4399-8dff-f293a701bfe0_6401},
isbn={978-4627096028},
isbn10={462709602X},
url={https://www.amazon.co.jp/dp/462709602X/},
}

@book{Carson_Sievert2022-05-13,
title={Rによるインタラクティブなデータビジュアライゼーション: 探索的データ解析のためのplotlyとshiny},
author={Carson Sievert and 株式会社ホクソエム},
translator={輿石, 拓真 and 今井, 康貴 and 髙木, 誠二 and 和田, 尚樹 and 株式会社ホクソエム},
publisher={共立出版},
year={2022},
month={5},
day={13},
date={2022-05-13},
edition={単行本},
pages={312},
keywords={ソフトウェア開発・言語, Amazon Student ポイント還元(和書), Amazonアプリキャンペーン対象商品(和書), Kindle本, b862612b-dfa0-4420-85c1-2c99317e52cd_5801},
isbn={978-4320124868},
isbn10={4320124863},
url={https://www.amazon.co.jp/dp/4320124863/},
}

@book{川端一光2018-07-19,
title={Rによる多変量解析入門 データ分析の実践と理論},
author={川端, 一光 and 岩間, 徳兼 and 鈴木, 雅之},
publisher={オーム社},
year={2018},
month={7},
day={19},
date={2018-07-19},
edition={単行本（ソフトカバー）},
pages={448},
keywords={確率・統計, a8f65892-81a4-4399-8dff-f293a701bfe0_6601, a8f65892-81a4-4399-8dff-f293a701bfe0_6401, 科学・テクノロジー, 科学・テクノロジー(Kindle本を除く)},
isbn={978-4274222368},
isbn10={4274222365},
url={https://www.amazon.co.jp/dp/4274222365/},
}

@book{梅津雄一2018-11-07,
title={RとShinyで作るWebアプリケーション},
author={梅津, 雄一 and 中野, 貴広},
publisher={シーアンドアール研究所},
year={2018},
month={11},
day={7},
date={2018-11-07},
edition={単行本（ソフトカバー）},
pages={312},
keywords={プログラミング, Web構築・管理, a8f65892-81a4-4399-8dff-f293a701bfe0_6601, a8f65892-81a4-4399-8dff-f293a701bfe0_6401, a8f65892-81a4-4399-8dff-f293a701bfe0_7601},
isbn={978-4863542570},
isbn10={4863542577},
url={https://www.amazon.co.jp/dp/4863542577/},
}

@book{松井秀俊2019-11-28,
title={統計モデルと推測 データサイエンス入門シリーズ},
author={松井秀俊 and 小泉和之},
editor={竹村彰通},
publisher={講談社},
year={2019},
month={11},
day={28},
date={2019-11-28},
edition={Kindle版},
pages={298},
keywords={本, 数学, Custom Stores, Kindle書籍 5冊購入で15%ポイント還元},
asin={B08543S1LQ},
url={https://www.amazon.co.jp/dp/B08543S1LQ/},
}

@book{阿部真人2021-11-26,
title={データ分析に必須の知識・考え方　統計学入門　仮説検定から統計モデリングまで重要トピックを完全網羅},
author={阿部真人},
publisher={ソシム},
year={2021},
month={11},
day={26},
date={2021-11-26},
edition={Kindle版},
keywords={本, Kindle本, Custom Stores, Kindleオーナー ライブラリー, 固定レイアウト},
asin={B09M81WRHT},
url={https://www.amazon.co.jp/dp/B09M81WRHT/},
}

@book{Wickham_Hadley2016-06-16,
title={ggplot2: Elegant Graphics for Data Analysis (Use R!)},
author={Wickham, Hadley},
publisher={Springer},
year={2016},
month={6},
day={16},
date={2016-06-16},
edition={ペーパーバック},
pages={276},
keywords={Professional Applied Mathematics, Mathematics, Education & Reference, Software Engineering Methodology, Graphics & Multimedia Programming},
isbn={978-3319242750},
isbn10={331924275X},
url={https://www.amazon.co.jp/dp/331924275X/},
}

@Manual{rex_bib,
  title = {rex: Friendly Regular Expressions},
  author = {Kevin Ushey and Jim Hester and Robert Krzyzanowski},
  year = {2021},
  note = {R package version 1.2.1},
  url = {https://CRAN.R-project.org/package=rex},
}

@Article{units_bib,
  title = {Measurement Units in {R}},
  author = {Edzer Pebesma and Thomas Mailund and James Hiebert},
  year = {2016},
  journal = {R Journal},
  doi = {10.32614/RJ-2016-061},
  pages = {486--494},
  volume = {8},
  number = {2},
}

@Manual{spData_bib,
  title = {spData: Datasets for Spatial Analysis},
  author = {Roger Bivand and Jakub Nowosad and Robin Lovelace},
  year = {2023},
  note = {R package version 2.3.0},
  url = {https://CRAN.R-project.org/package=spData},
}

@Book{stars_bib,
  title = {{Spatial Data Science: With applications in R}},
  author = {Edzer Pebesma and Roger Bivand},
  year = {2023},
  publisher = {Chapman and Hall/CRC},
  address = {London},
  url = {https://r-spatial.org/book/},
  pages = {352},
  doi = {10.1201/9780429459016},
}

@Manual{terra_bib,
  title = {terra: Spatial Data Analysis},
  author = {Robert J. Hijmans},
  year = {2024},
  note = {R package version 1.7-71},
  url = {https://CRAN.R-project.org/package=terra},
}

@Manual{cubelyr_bib,
  title = {cubelyr: A Data Cube 'dplyr' Backend},
  author = {Hadley Wickham},
  year = {2022},
  note = {R package version 1.0.2},
  url = {https://CRAN.R-project.org/package=cubelyr},
}

@Manual{raster_bib,
  title = {raster: Geographic Data Analysis and Modeling},
  author = {Robert J. Hijmans},
  year = {2023},
  note = {R package version 3.6-26},
  url = {https://CRAN.R-project.org/package=raster},
}

@Article{tmap_bib,
  title = {{tmap}: Thematic Maps in {R}},
  author = {Martijn Tennekes},
  journal = {Journal of Statistical Software},
  year = {2018},
  volume = {84},
  number = {6},
  pages = {1--39},
  doi = {10.18637/jss.v084.i06},
}

@Manual{leaflet_bib,
  title = {leaflet: Create Interactive Web Maps with the JavaScript 'Leaflet'
Library},
  author = {Joe Cheng and Barret Schloerke and Bhaskar Karambelkar and Yihui Xie},
  year = {2023},
  note = {R package version 2.2.1},
  url = {https://CRAN.R-project.org/package=leaflet},
}

@Article{mgcv1_bib,
  title = {Fast stable restricted maximum likelihood and marginal 
likelihood estimation of semiparametric generalized linear models},
  journal = {Journal of the Royal Statistical Society (B)},
  volume = {73},
  number = {1},
  pages = {3-36},
  year = {2011},
  author = {S. N. Wood},
}

@Article{mgcv2_bib,
  title = {Smoothing parameter and model selection for general smooth models (with discussion)},
  author = {S.N. Wood and {N.} and {Pya} and B. S{"a}fken},
  journal = {Journal of the American Statistical Association},
  year = {2016},
  pages = {1548-1575},
  volume = {111},
}

@Article{mgcv3_bib,
  title = {Stable and efficient multiple smoothing parameter estimation for 
         generalized additive models},
  journal = {Journal of the American Statistical Association},
  volume = {99},
  number = {467},
  pages = {673-686},
  year = {2004},
  author = {S. N. Wood},
}

@Book{mgcv4_bib,
  title = {Generalized Additive Models: An Introduction with R},
  year = {2017},
  author = {S.N Wood},
  edition = {2},
  publisher = {Chapman and Hall/CRC},
}

@Article{mgcv5_bib,
  title = {Thin-plate regression splines},
  journal = {Journal of the Royal Statistical Society (B)},
  volume = {65},
  number = {1},
  pages = {95-114},
  year = {2003},
  author = {S. N. Wood},
}

@article{pedersen2019hierarchical,
  title={Hierarchical generalized additive models in ecology: an introduction with mgcv},
  author={Pedersen, Eric J and Miller, David L and Simpson, Gavin L and Ross, Noam},
  journal={PeerJ},
  volume={7},
  pages={e6876},
  year={2019},
  publisher={PeerJ Inc.}
}

@Manual{statnet_bib1,
  author = {Mark S. Handcock and David R. Hunter and Carter T. Butts and Steven M. Goodreau and Pavel N. Krivitsky and Martina Morris},
  title = {ergm: Fit, Simulate and Diagnose Exponential-Family Models for
Networks},
  organization = {The Statnet Project (\url{http://www.statnet.org})},
  year = {2018},
  note = {R package version 3.9.4},
  url = {https://CRAN.R-project.org/package=ergm},
}

@Article{statnet_bib2,
  title = {ergm: A Package to Fit, Simulate and Diagnose Exponential-Family Models for Networks},
  author = {David R. Hunter and Mark S. Handcock and Carter T. Butts and Steven M. Goodreau and Martina Morris},
  journal = {Journal of Statistical Software},
  year = {2008},
  volume = {24},
  number = {3},
  pages = {1--29},
} 

@Article{igraph_bib1,
  title = {The igraph software package for complex network research},
  author = {Gabor Csardi and Tamas Nepusz},
  journal = {InterJournal},
  volume = {Complex Systems},
  pages = {1695},
  year = {2006},
  url = {https://igraph.org},
}

@Manual{igraph_bib2,
  title = {{igraph}: Network Analysis and Visualization in R},
  author = {Gábor Csárdi and Tamás Nepusz and Vincent Traag and Szabolcs Horvát and Fabio Zanini and Daniel Noom and Kirill Müller},
  year = {2024},
  note = {R package version 2.0.3},
  doi = {10.5281/zenodo.7682609},
  url = {https://CRAN.R-project.org/package=igraph},
}

@Manual{sna_bib,
  title = {sna: Tools for Social Network Analysis},
  author = {Carter T. Butts},
  year = {2023},
  note = {R package version 2.7-2},
  url = {https://CRAN.R-project.org/package=sna},
}

@Manual{network_bib1,
  author = {Carter T. Butts},
  title = {network: Classes for Relational Data},
  organization = {The Statnet Project (\url{http://www.statnet.org})},
  year = {2015},
  note = {R package version 1.13.0.1},
  url = {https://CRAN.R-project.org/package=network},
}

@Article{network_bib2,
  title = {network: a Package for Managing Relational Data in R.},
  author = {Carter T. Butts},
  journal = {Journal of Statistical Software},
  year = {2008},
  volume = {24},
  number = {2},
  doi = {10.18637/jss.v024.i02},
}

@Manual{tidygraph_bib,
  title = {tidygraph: A Tidy API for Graph Manipulation},
  author = {Thomas Lin Pedersen},
  year = {2024},
  note = {R package version 1.3.1},
  url = {https://CRAN.R-project.org/package=tidygraph},
}

@article{Jones_2018_f_in_psycho_bib,
author={Jones, Payton J.  and Mair, Patrick  and McNally, Richard J. },
title={Visualizing Psychological Networks: A Tutorial in R},
journal={Frontiers in Psychology},
volume={9},
year={2018},
url={https://www.frontiersin.org/journals/psychology/articles/10.3389/fpsyg.2018.01742},
doi={10.3389/fpsyg.2018.01742},
ISSN={1664-1078},
}

@article{Zachary1976,
author = {Zachary, Wayne},
year = {1976},
month = {11},
pages = {},
title = {An Information Flow Model for Conflict and Fission in Small Groups1},
volume = {33},
journal = {Journal of anthropological research},
doi = {10.1086/jar.33.4.3629752}
}

@Manual{ggraph_bib,
  title = {ggraph: An Implementation of Grammar of Graphics for Graphs and Networks},
  author = {Thomas Lin Pedersen},
  year = {2024},
  note = {R package version 2.2.1},
  url = {https://CRAN.R-project.org/package=ggraph},
}

@Manual{networkD3_bib,
  title = {networkD3: D3 JavaScript Network Graphs from R},
  author = {J.J. Allaire and Christopher Gandrud and Kenton Russell and CJ Yetman},
  year = {2017},
  note = {R package version 0.4},
  url = {https://CRAN.R-project.org/package=networkD3},
}

@Manual{r2d3_bib,
  title = {r2d3: Interface to 'D3' Visualizations},
  author = {Nick Strayer and Javier Luraschi and JJ Allaire},
  year = {2022},
  note = {R package version 0.2.6},
  url = {https://CRAN.R-project.org/package=r2d3},
}

@Manual{visNetwork_bib,
  title = {visNetwork: Network Visualization using 'vis.js' Library},
  author = {{Almende B.V. and Contributors} and Benoit Thieurmel},
  year = {2022},
  note = {R package version 2.1.2},
  url = {https://CRAN.R-project.org/package=visNetwork},
}

@Manual{shiny_bib,
  title = {shiny: Web Application Framework for R},
  author = {Winston Chang and Joe Cheng and JJ Allaire and Carson Sievert and Barret Schloerke and Yihui Xie and Jeff Allen and Jonathan McPherson and Alan Dipert and Barbara Borges},
  year = {2024},
  note = {R package version 1.9.1},
  url = {https://CRAN.R-project.org/package=shiny},
}

@Manual{shinythemes_bib,
  title = {shinythemes: Themes for Shiny},
  author = {Winston Chang},
  year = {2021},
  note = {R package version 1.2.0},
  url = {https://CRAN.R-project.org/package=shinythemes},
}

@Manual{shinydashboard_bib,
  title = {shinydashboard: Create Dashboards with 'Shiny'},
  author = {Winston Chang and Barbara {Borges Ribeiro}},
  year = {2021},
  note = {R package version 0.7.2},
  url = {https://CRAN.R-project.org/package=shinydashboard},
}

@Manual{bslib_bib,
  title = {bslib: Custom 'Bootstrap' 'Sass' Themes for 'shiny' and 'rmarkdown'},
  author = {Carson Sievert and Joe Cheng and Garrick Aden-Buie},
  year = {2024},
  note = {R package version 0.7.0},
  url = {https://CRAN.R-project.org/package=bslib},
}

@Manual{DT_bib,
  title = {DT: A Wrapper of the JavaScript Library 'DataTables'},
  author = {Yihui Xie and Joe Cheng and Xianying Tan},
  year = {2024},
  note = {R package version 0.33},
  url = {https://CRAN.R-project.org/package=DT},
}

@Manual{shinycssloaders_bib,
  title = {shinycssloaders: Add Loading Animations to a 'shiny' Output While It's
Recalculating},
  author = {Andras Sali and Dean Attali},
  year = {2020},
  note = {R package version 1.0.0},
  url = {https://CRAN.R-project.org/package=shinycssloaders},
}

@Manual{shinymanager_bib,
  title = {shinymanager: Authentication Management for 'Shiny' Applications},
  author = {Benoit Thieurmel and Victor Perrier},
  year = {2022},
  note = {R package version 1.0.410},
  url = {https://CRAN.R-project.org/package=shinymanager},
}

@Manual{packrat_bib,
  title = {packrat: A Dependency Management System for Projects and their R Package
Dependencies},
  author = {Aron Atkins and Toph Allen and Kevin Ushey and Jonathan McPherson and Joe Cheng and JJ Allaire},
  year = {2023},
  note = {R package version 0.9.2},
  url = {https://CRAN.R-project.org/package=packrat},
}

@Manual{rsconnect_bib,
  title = {rsconnect: Deploy Docs, Apps, and APIs to 'Posit Connect', 'shinyapps.io',
and 'RPubs'},
  author = {Aron Atkins and Toph Allen and Hadley Wickham and Jonathan McPherson and JJ Allaire},
  year = {2024},
  note = {R package version 1.3.0},
  url = {https://CRAN.R-project.org/package=rsconnect},
}

@Manual{pak_bib,
  title = {pak: Another Approach to Package Installation},
  author = {Gábor Csárdi and Jim Hester},
  year = {2024},
  note = {R package version 0.8.0},
  url = {https://CRAN.R-project.org/package=pak},
}

@Article{stringi_bib,
  title = {{stringi}: {F}ast and portable character string processing in {R}},
  author = {Marek Gagolewski},
  journal = {Journal of Statistical Software},
  year = {2022},
  volume = {103},
  number = {2},
  pages = {1--59},
  doi = {10.18637/jss.v103.i02},
}

@Manual{stringr_bib,
  title = {stringr: Simple, Consistent Wrappers for Common String Operations},
  author = {Hadley Wickham},
  year = {2023},
  note = {R package version 1.5.1},
  url = {https://CRAN.R-project.org/package=stringr},
}

@Manual{gratia_bib,
  title = {{gratia}: Graceful {ggplot}-Based Graphics and Other Functions
                  for {GAM}s Fitted using {mgcv}},
  author = {Gavin L. Simpson},
  year = {2024},
  abstract = {Graceful ggplot-based graphics and utility functions for
             working with generalized additive models (GAMs) fitted using the
             mgcv package. Provides a reimplementation of the plot() method for
             GAMs that mgcv provides, as well as tidyverse-compatible
             representations of estimated smooths.},
  note = {R package version 0.9.0},
  url = {https://gavinsimpson.github.io/gratia/},
}

@Manual{DBI_bib,
  title = {DBI: R Database Interface},
  author = {{R Special Interest Group on Databases (R-SIG-DB)} and Hadley Wickham and Kirill Müller},
  year = {2024},
  note = {R package version 1.2.2},
  url = {https://CRAN.R-project.org/package=DBI},
}

@Manual{dbplyr_bib,
  title = {dbplyr: A 'dplyr' Back End for Databases},
  author = {Hadley Wickham and Maximilian Girlich and Edgar Ruiz},
  year = {2024},
  note = {R package version 2.5.0},
  url = {https://CRAN.R-project.org/package=dbplyr},
}

@book{金明哲2017-05-24,
title={ネットワーク分析 第2版 (Rで学ぶデータサイエンス 8)},
author={鈴木, 努},
editor={金, 明哲},
publisher={共立出版},
year={2017},
month={5},
day={24},
date={2017-05-24},
edition={単行本},
pages={346},
keywords={数学, a8f65892-81a4-4399-8dff-f293a701bfe0_6601, a8f65892-81a4-4399-8dff-f293a701bfe0_6401, 科学・テクノロジー, 科学・テクノロジー(Kindle本を除く)},
isbn={978-4320113152},
isbn10={4320113152},
url-am={https://www.amazon.co.jp/dp/4320113152/},
}

@book{高橋康介2018-05-09,
title={再現可能性のすゝめ (Wonderful R 3)},
author={高橋, 康介 and 石田, 基広},
editor={高橋, 康介 and 市川, 太祐 and 高柳, 慎一 and 福島, 真太朗 and 松浦, 健太郎},
publisher={共立出版},
year={2018},
month={5},
day={9},
date={2018-05-09},
edition={単行本},
pages={184},
keywords={統計法・人口統計・資源統計, 確率・統計, a8f65892-81a4-4399-8dff-f293a701bfe0_6601, a8f65892-81a4-4399-8dff-f293a701bfe0_6401, ビジネス・経済},
isbn={978-4320112438},
isbn10={4320112431},
url-am={https://www.amazon.co.jp/dp/4320112431/},
}

@book{Yihui_Xie_231230,
title={R Markdown: The Definitive Guide},
author={Yihui Xie ahd J. J. Allaire and Garrett Grolemund},
year={2023},
month={12},
day={30},
date={2023-12-30},
url-am={https://bookdown.org/yihui/rmarkdown/},
}

@Manual{bookdown_bib,
  title = {bookdown: Authoring Books and Technical Documents with R Markdown},
  author = {Yihui Xie},
  year = {2024},
  note = {R package version 0.41},
  url = {https://github.com/rstudio/bookdown},
}

@Book{bookdown_bib2,
  title = {bookdown: Authoring Books and Technical Documents with {R} Markdown},
  author = {Yihui Xie},
  publisher = {Chapman and Hall/CRC},
  address = {Boca Raton, Florida},
  year = {2016},
  isbn = {978-1138700109},
  url = {https://bookdown.org/yihui/bookdown},
}

@book{野村俊一2016-09-08,
title={カルマンフィルタ ーRを使った時系列予測と状態空間モデルー (統計学One Point 2)},
author={野村, 俊一},
publisher={共立出版},
year={2016},
month={9},
day={8},
date={2016-09-08},
edition={単行本},
pages={168},
keywords={確率・統計, a8f65892-81a4-4399-8dff-f293a701bfe0_6601, a8f65892-81a4-4399-8dff-f293a701bfe0_6401, 科学・テクノロジー, 科学・テクノロジー(Kindle本を除く)},
isbn={978-4320112537},
isbn10={4320112539},
url={https://lead.to/amazon/jp/?op=bt&la=ja&key=4320112539},
}

@Article{netrankr_bib,
  title = {netrankr: An R package for total, partial, and probabilistic rankings in networks},
  author = {David Schoch},
  journal = {Journal of Open Source Software},
  number = {77},
  pages = {4563},
  year = {2022},
}